<?xml version="1.0" encoding="UTF-8" ?>
<collection xmlns:xsi="http://www.w3.org/2001/XMLSchema-instance"
    xsi:schemaLocation="http://www.loc.gov/MARC21/slim
        http://www.loc.gov/standards/marcxml/schema/MARC21slim.xsd"
    xmlns="http://www.loc.gov/MARC21/slim">
<record>
  <leader>00237cam a2200445 i 4500</leader>
  <controlfield tag="001">b12308092</controlfield>
  <controlfield tag="003">LeBAU</controlfield>
  <controlfield tag="005">20131021</controlfield>
  <controlfield tag="008">961229s1947    le            ||0 0 ara d</controlfield>
  <datafield tag="035" ind1=" " ind2=" ">
    <subfield code="a">ocn784180859</subfield>
  </datafield>
  <datafield tag="040" ind1=" " ind2=" ">
    <subfield code="a">LEAUB</subfield>
    <subfield code="b">ara</subfield>
    <subfield code="e">rda</subfield>
    <subfield code="c">LEAUB</subfield>
    <subfield code="d">LEAUB</subfield>
  </datafield>
  <datafield tag="041" ind1="0" ind2=" ">
    <subfield code="a">ara</subfield>
    <subfield code="a">fre</subfield>
  </datafield>
  <datafield tag="082" ind1="0" ind2="4">
    <subfield code="a">016.8927</subfield>
    <subfield code="2">20</subfield>
  </datafield>
  <datafield tag="100" ind1="1" ind2=" ">
    <subfield code="6">880-01</subfield>
    <subfield code="a">Sauvaget, Jean,</subfield>
    <subfield code="d">1901-1950,</subfield>
    <subfield code="e">author.</subfield>
  </datafield>
  <datafield tag="245" ind1="1" ind2="0">
    <subfield code="6">880-02</subfield>
    <subfield code="a">Rāʼid al-turāth al-ʻArabī :</subfield>
    <subfield code="b">wa-huwa masrad naqdī jāmiʻ li-kull mā allafahu ʻulamāʼ al-mashriqīyāt ʻan al-turāth al-ʻArabī fī mukhtalif al-ʻuṣūr wa-al-mawḍūʻāt /</subfield>
    <subfield code="c">waḍa‘ahu Jān Sūfājīh ra’īs dā’irat tārīkh al-sharq al-Islāmī fī Madrasat al-Dirāsāt al-‘Ulyā bī-Bārīs ; iqtabasahu Ṣalāḥ al-Dīn al-Munajjid ra’īs Dīwān Mudīrīyat al-Āthār al-‘Āmmah fī al-Jumhūrīyah al-Sūrīyah.</subfield>
  </datafield>
  <datafield tag="264" ind1=" " ind2="1">
    <subfield code="6">880-03</subfield>
    <subfield code="a">[Dimashq] :</subfield>
    <subfield code="b">Dār al-ʻIlm lil-Malāyīn,</subfield>
    <subfield code="c">1947.</subfield>
  </datafield>
  <datafield tag="300" ind1=" " ind2=" ">
    <subfield code="6">880-04</subfield>
    <subfield code="a">183 pages ;</subfield>
    <subfield code="c">19 cm</subfield>
  </datafield>
  <datafield tag="336" ind1=" " ind2=" ">
    <subfield code="a">text</subfield>
    <subfield code="b">txt</subfield>
    <subfield code="2">rdacontent</subfield>
  </datafield>
  <datafield tag="337" ind1=" " ind2=" ">
    <subfield code="a">unmediated</subfield>
    <subfield code="b">n</subfield>
    <subfield code="2">rdamedia</subfield>
  </datafield>
  <datafield tag="338" ind1=" " ind2=" ">
    <subfield code="a">volume</subfield>
    <subfield code="b">nc</subfield>
    <subfield code="2">rdacarrier</subfield>
  </datafield>
  <datafield tag="650" ind1=" " ind2="4">
    <subfield code="a">الادب العربي</subfield>
    <subfield code="v">ببليوغرافيا.</subfield>
  </datafield>
  <datafield tag="650" ind1=" " ind2="4">
    <subfield code="a">الاسلام</subfield>
    <subfield code="v">ببليوغرافيا.</subfield>
  </datafield>
  <datafield tag="650" ind1=" " ind2="0">
    <subfield code="a">Arabic literature</subfield>
    <subfield code="v">Bibliography.</subfield>
  </datafield>
  <datafield tag="650" ind1=" " ind2="0">
    <subfield code="a">Islam</subfield>
    <subfield code="v">Bibliography.</subfield>
  </datafield>
  <datafield tag="700" ind1="1" ind2=" ">
    <subfield code="6">880-05</subfield>
    <subfield code="a">Munajjid, Ṣalāḥ al-Dīn,</subfield>
    <subfield code="e">adapter.</subfield>
  </datafield>
  <datafield tag="787" ind1="0" ind2=" ">
    <subfield code="6">880-06</subfield>
    <subfield code="i">adaptation of:</subfield>
    <subfield code="a">Introduction à L'histoire de L'Orient Musulman</subfield>
    <subfield code="d">Paris : Adrien Maisonneuve, 1961</subfield>
    <subfield code="w">b11989191</subfield>
    <subfield code="w">b11989191</subfield>
  </datafield>
  <datafield tag="852" ind1=" " ind2=" ">
    <subfield code="a">Jafet Library</subfield>
    <subfield code="e">American University of Beirut, Bliss Street , Beirut, Lebanon.</subfield>
  </datafield>
  <datafield tag="852" ind1=" " ind2=" ">
    <subfield code="a">Jafet Reference</subfield>
    <subfield code="e">American University of Beirut, Bliss Street , Beirut, Lebanon.</subfield>
  </datafield>
  <datafield tag="880" ind1="1" ind2=" ">
    <subfield code="6">100-01/(3/r</subfield>
    <subfield code="a">سوفاجيه، جان،</subfield>
    <subfield code="d">1901-1950،</subfield>
    <subfield code="e">مؤلف. </subfield>
    <subfield code="4">aut.</subfield>
  </datafield>
  <datafield tag="880" ind1="1" ind2="0">
    <subfield code="6">245-02/(3/r</subfield>
    <subfield code="a">رائد التراث العربي :</subfield>
    <subfield code="b">وهو مسرد نقدي جامع لكل ما ألفه علماء المشرقيات عن التراث العربي في مختلف العصور و الموضوعات /</subfield>
    <subfield code="c">وضعه جان سوفاجيه رئيس دائرة تاريخ الشرق الإسلامي في مدرسة الدراسات العليا بباريس ؛ اقتبسه صلاح الدين المنجد رئيس ديوان مديرية الآثار العامة في الجمهورية السورية. </subfield>
  </datafield>
  <datafield tag="880" ind1=" " ind2="1">
    <subfield code="6">264-03/(3/r</subfield>
    <subfield code="a">[دمشق] :</subfield>
    <subfield code="b">دار العلم للملايين،</subfield>
    <subfield code="c">1947.</subfield>
  </datafield>
  <datafield tag="880" ind1=" " ind2=" ">
    <subfield code="6">300-04/(3/r</subfield>
    <subfield code="a">183 صفحة ؛</subfield>
    <subfield code="c">19 سم</subfield>
  </datafield>
  <datafield tag="880" ind1="1" ind2=" ">
    <subfield code="6">700-05/(3/r</subfield>
    <subfield code="a">المنجد، صلاح الدين،</subfield>
    <subfield code="e">مقتبس. </subfield>
    <subfield code="4">adp.</subfield>
  </datafield>
  <datafield tag="880" ind1="0" ind2=" ">
    <subfield code="6">787-06/(3/r</subfield>
    <subfield code="i">مقتبس عن:</subfield>
    <subfield code="a">Introduction à L'histoire de Lorient Musulman</subfield>
    <subfield code="d">Paris : Adrien Maisonneuve, 1961</subfield>
    <subfield code="w">(OCoLC)00751831</subfield>
    <subfield code="w">b11989191</subfield>
  </datafield>
  <datafield tag="907" ind1=" " ind2=" ">
    <subfield code="a">.b12308092</subfield>
    <subfield code="b">16-04-12</subfield>
    <subfield code="c">11-05-24</subfield>
  </datafield>
  <datafield tag="907" ind1=" " ind2=" ">
    <subfield code="a">.b12308092</subfield>
    <subfield code="b">15-10-15</subfield>
    <subfield code="c">11-05-24</subfield>
  </datafield>
  <datafield tag="945" ind1=" " ind2=" ">
    <subfield code="f">R</subfield>
    <subfield code="a">016.8927:Sa26rAm:c.1</subfield>
    <subfield code="g">1</subfield>
    <subfield code="i">01025656</subfield>
    <subfield code="j">.i12734032</subfield>
    <subfield code="l">u0601</subfield>
  </datafield>
  <datafield tag="945" ind1=" " ind2=" ">
    <subfield code="f">J</subfield>
    <subfield code="a">016.8927:Sa26rAm:c.1</subfield>
    <subfield code="g">1</subfield>
    <subfield code="i">01025655</subfield>
    <subfield code="j">.i12734020</subfield>
    <subfield code="l">u0503</subfield>
  </datafield>
  <datafield tag="998" ind1=" " ind2=" ">
    <subfield code="a">u05</subfield>
    <subfield code="a">u06</subfield>
    <subfield code="b">96-12-29</subfield>
    <subfield code="c">m</subfield>
    <subfield code="d">a</subfield>
    <subfield code="e">-</subfield>
    <subfield code="f">ara</subfield>
    <subfield code="g">le </subfield>
    <subfield code="h">0</subfield>
    <subfield code="i">2</subfield>
  </datafield>
</record>
</collection>
